@book{anks,
      author         = "Stephen Wolfram",
      title          = "A New Kind of Science",
}
